@techreport{peterson2004s,
  title={S/MIME advanced encryption standard (AES) requirement for the session initiation protocol (SIP)},
  author={Peterson, J and others},
  year={2004},
  institution={RFC 3853, July}
}

@article{network2007openpgp,
  title={OpenPGP message format},
  author={Network Working Group and others},
  journal={RFC 4880},
  year={2007}
}


@misc{quantum, title={Quantum.art https://quantum.art/}, year={2022}, month={Apr}}

 @misc{daniele_2021, title={NFTs' nifty copyright issues - intellectual property - Canada}, url={https://www.mondaq.com/canada/copyright/1067734/nfts39-nifty-copyright-issues-}, journal={Welcome to Mondaq}, publisher={Norton Rose Fulbright Canada LLP}, author={Daniele, Daniel}, year={2021}, month={May}} 
 
  @misc{deviantart, title={Deviantart - The largest online art gallery and community}, url={https://www.deviantart.com/}, journal={DeviantArt}} 
  
  @misc{pixiv, title={pixiv.com}, url={https://www.pixiv.net/}, journal={pixiv}} 
  
   @misc{crypto, title={The best place to buy, sell, and pay with cryptocurrency}, url={https://crypto.com/}, journal={Crypto.com | The Best Place to Buy, Sell, and Pay with Cryptocurrency}} 
   
   @article{kaliski2000pkcs,
  title={PKCS\# 5: Password-based cryptography specification version 2.0},
  author={Kaliski, Burt},
  year={2000},
  publisher={RFC 2898, september}
}